|j|☆kubercik
|j|☆Kacperol95
|t:|1741645475
|gametype|singles
|player|p1|kubercik|caitlin|
|player|p2|Kacperol95|battlegirl-gen4|
|teamsize|p1|6
|teamsize|p2|6
|gen|9
|tier|[Gen 9] Draft
|rule|Tera Type Preview: Tera Types are shown at Team Preview
|rule|Sleep Clause Mod: Limit one foe put to sleep
|rule|OHKO Clause: OHKO moves are banned
|rule|Evasion Clause: Evasion abilities, items, and moves are banned
|rule|Evasion Abilities Clause: Evasion abilities are banned
|rule|Evasion Items Clause: Evasion items are banned
|rule|Evasion Moves Clause: Evasion moves are banned
|rule|Endless Battle Clause: Forcing endless battles is banned
|rule|HP Percentage Mod: HP is shown in percentages
|clearpoke
|poke|p1|Chi-Yu|
|poke|p1|Landorus-Therian, M|
|poke|p1|Skarmory, F|
|poke|p1|Toxapex, M|
|poke|p1|Primarina, F|
|poke|p1|Conkeldurr, F|
|poke|p2|Urshifu-*, M|
|poke|p2|Iron Moth|
|poke|p2|Rillaboom, M|
|poke|p2|Vaporeon, F|
|poke|p2|Ursaluna, M|
|poke|p2|Kilowattrel, M|
|teampreview
|raw|kubercik's Tera Types:<br /><psicon pokemon="chiyu" /><psicon type="Stellar" /> / <psicon pokemon="landorustherian" /><psicon type="Stellar" /> / <psicon pokemon="skarmory" /><psicon type="Stellar" /> / <psicon pokemon="toxapex" /><psicon type="Stellar" /> / <psicon pokemon="primarina" /><psicon type="Stellar" /> / <psicon pokemon="conkeldurr" /><psicon type="Fairy" />
|raw|Kacperol95's Tera Types:<br /><psicon pokemon="urshifu" /><psicon type="Fighting" /> / <psicon pokemon="ironmoth" /><psicon type="Fire" /> / <psicon pokemon="rillaboom" /><psicon type="Grass" /> / <psicon pokemon="vaporeon" /><psicon type="Water" /> / <psicon pokemon="ursaluna" /><psicon type="Ground" /> / <psicon pokemon="kilowattrel" /><psicon type="Flying" />
|j| Cwelek
|j| Kefirtroll
|
|t:|1741645539
|start
|switch|p1a: Earfquake|Landorus-Therian, M|100/100
|switch|p2a: Rechot|Urshifu, M|100/100
|-ability|p1a: Earfquake|Intimidate|boost
|-unboost|p2a: Rechot|atk|1
|turn|1
|j| Marszel0
|j| kotcatkitkat
|c| Marszel0|zabij go
|c| kotcatkitkat|oho, powaga
|c|☆kubercik|spoko
|
|t:|1741645611
|move|p1a: Earfquake|Focus Blast|p2a: Rechot|[miss]
|-miss|p1a: Earfquake|p2a: Rechot
|move|p2a: Rechot|Wicked Blow|p1a: Earfquake
|-crit|p1a: Earfquake
|-damage|p1a: Earfquake|18/100
|-damage|p2a: Rechot|91/100|[from] item: Life Orb
|
|upkeep
|turn|2
|j| Tsuki16
|
|t:|1741645643
|switch|p2a: Świr Kukuł|Kilowattrel, M|100/100
|move|p1a: Earfquake|Focus Blast|p2a: Świr Kukuł|[miss]
|-miss|p1a: Earfquake|p2a: Świr Kukuł
|
|upkeep
|turn|3
|c| Cwelek|classic
|c|☆Kacperol95|gameplay
|c| kotcatkitkat|keep gamblinh
|
|t:|1741645670
|switch|p1a: Solo|Chi-Yu|100/100
|-ability|p1a: Solo|Beads of Ruin
|move|p2a: Świr Kukuł|Tera Blast|p1a: Solo
|-damage|p1a: Solo|60/100
|
|upkeep
|turn|4
|
|t:|1741645724
|switch|p2a: Maria Maszkara|Vaporeon, F|100/100
|move|p1a: Solo|Dark Pulse|p2a: Maria Maszkara
|-damage|p2a: Maria Maszkara|66/100
|
|-heal|p2a: Maria Maszkara|72/100|[from] item: Leftovers
|upkeep
|turn|5
|
|t:|1741645740
|switch|p1a: Dont Touch My Hair|Primarina, F|100/100
|move|p2a: Maria Maszkara|Wish|p2a: Maria Maszkara
|
|-heal|p2a: Maria Maszkara|78/100|[from] item: Leftovers
|upkeep
|turn|6
|
|t:|1741645780
|switch|p2a: Rusłan Rosiczkow|Rillaboom, M|100/100
|-fieldstart|move: Grassy Terrain|[from] ability: Grassy Surge|[of] p2a: Rusłan Rosiczkow
|move|p1a: Dont Touch My Hair|Moonblast|p2a: Rusłan Rosiczkow
|-damage|p2a: Rusłan Rosiczkow|60/100
|-unboost|p2a: Rusłan Rosiczkow|spa|1
|
|-heal|p2a: Rusłan Rosiczkow|100/100|[from] move: Wish|[wisher] Maria Maszkara
|upkeep
|turn|7
|
|t:|1741645805
|switch|p1a: Satellite Business|Skarmory, F|100/100
|move|p2a: Rusłan Rosiczkow|Knock Off|p1a: Satellite Business
|-damage|p1a: Satellite Business|79/100
|-damage|p2a: Rusłan Rosiczkow|84/100|[from] item: Rocky Helmet|[of] p1a: Satellite Business
|-enditem|p1a: Satellite Business|Rocky Helmet|[from] move: Knock Off|[of] p2a: Rusłan Rosiczkow
|
|-heal|p2a: Rusłan Rosiczkow|90/100|[from] Grassy Terrain
|upkeep
|turn|8
|
|t:|1741645830
|move|p2a: Rusłan Rosiczkow|U-turn|p1a: Satellite Business
|-resisted|p1a: Satellite Business
|-damage|p1a: Satellite Business|75/100
|j| Czerferno
|
|t:|1741645847
|switch|p2a: Maria Maszkara|Vaporeon, F|78/100|[from] U-turn
|move|p1a: Satellite Business|Stealth Rock|p2a: Maria Maszkara
|-sidestart|p2: Kacperol95|move: Stealth Rock
|
|-heal|p2a: Maria Maszkara|84/100|[from] Grassy Terrain
|-heal|p2a: Maria Maszkara|90/100|[from] item: Leftovers
|upkeep
|turn|9
|
|t:|1741645938
|switch|p1a: Dont Touch My Hair|Primarina, F|100/100
|move|p2a: Maria Maszkara|Flip Turn|p1a: Dont Touch My Hair
|-resisted|p1a: Dont Touch My Hair
|-damage|p1a: Dont Touch My Hair|93/100
|
|t:|1741646003
|switch|p2a: Rusłan Rosiczkow|Rillaboom, M|90/100|[from] Flip Turn
|-damage|p2a: Rusłan Rosiczkow|78/100|[from] Stealth Rock
|
|-heal|p2a: Rusłan Rosiczkow|84/100|[from] Grassy Terrain
|-heal|p1a: Dont Touch My Hair|99/100|[from] Grassy Terrain
|-heal|p1a: Dont Touch My Hair|100/100|[from] item: Leftovers
|upkeep
|turn|10
|
|t:|1741646055
|switch|p1a: Satellite Business|Skarmory, F|75/100
|move|p2a: Rusłan Rosiczkow|U-turn|p1a: Satellite Business
|-resisted|p1a: Satellite Business
|-damage|p1a: Satellite Business|71/100
|l| Marszel0
|
|t:|1741646093
|switch|p2a: Diabełe|Iron Moth|100/100|[from] U-turn
|
|-fieldend|move: Grassy Terrain
|upkeep
|turn|11
|
|t:|1741646105
|switch|p1a: Bad Habit|Toxapex, M|100/100
|move|p2a: Diabełe|Fiery Dance|p1a: Bad Habit
|-resisted|p1a: Bad Habit
|-damage|p1a: Bad Habit|83/100
|
|upkeep
|turn|12
|
|t:|1741646153
|move|p2a: Diabełe|Psychic|p1a: Bad Habit
|-supereffective|p1a: Bad Habit
|-damage|p1a: Bad Habit|29/100
|-unboost|p1a: Bad Habit|spd|1
|move|p1a: Bad Habit|Toxic|p2a: Diabełe
|-immune|p2a: Diabełe
|
|upkeep
|turn|13
|c| Kefirtroll|ajajajaj
|l| Tsuki16
|
|t:|1741646182
|switch|p1a: Solo|Chi-Yu|60/100
|-ability|p1a: Solo|Beads of Ruin
|move|p2a: Diabełe|Sludge Wave|p1a: Solo
|-damage|p1a: Solo|4/100
|
|upkeep
|turn|14
|j| Kajcik
|l| Kajcik
|
|t:|1741646211
|-end|p2a: Diabełe|Quark Drive|[silent]
|switch|p2a: Rechot|Urshifu, M|91/100
|-damage|p2a: Rechot|84/100|[from] Stealth Rock
|move|p1a: Solo|Psychic|p2a: Rechot
|-immune|p2a: Rechot
|
|upkeep
|turn|15
|
|t:|1741646241
|switch|p1a: 1200°C|Conkeldurr, F|100/100
|move|p2a: Rechot|Thunder Punch|p1a: 1200°C
|-damage|p1a: 1200°C|69/100
|-damage|p2a: Rechot|74/100|[from] item: Life Orb
|
|-status|p1a: 1200°C|brn|[from] item: Flame Orb
|upkeep
|turn|16
|j| Jakrubo
|
|t:|1741646363
|switch|p2a: Świr Kukuł|Kilowattrel, M|100/100
|-damage|p2a: Świr Kukuł|76/100|[from] Stealth Rock
|-terastallize|p1a: 1200°C|Fairy
|move|p1a: 1200°C|Facade|p2a: Świr Kukuł
|-damage|p2a: Świr Kukuł|0 fnt
|faint|p2a: Świr Kukuł
|
|-damage|p1a: 1200°C|63/100 brn|[from] brn
|upkeep
|
|t:|1741646386
|switch|p2a: Diabełe|Iron Moth|100/100
|turn|17
|
|t:|1741646461
|switch|p1a: Bad Habit|Toxapex, M|63/100
|move|p2a: Diabełe|Sludge Wave|p1a: Bad Habit
|-resisted|p1a: Bad Habit
|-damage|p1a: Bad Habit|40/100
|
|upkeep
|turn|18
|
|t:|1741646515
|switch|p1a: Solo|Chi-Yu|4/100
|-ability|p1a: Solo|Beads of Ruin
|move|p2a: Diabełe|Flame Charge|p1a: Solo
|-resisted|p1a: Solo
|-damage|p1a: Solo|0 fnt
|-boost|p2a: Diabełe|spe|1
|faint|p1a: Solo
|
|upkeep
|
|t:|1741646564
|switch|p1a: Dont Touch My Hair|Primarina, F|100/100
|turn|19
|
|t:|1741646580
|-end|p2a: Diabełe|Quark Drive|[silent]
|switch|p2a: Rusłan Rosiczkow|Rillaboom, M|84/100
|-damage|p2a: Rusłan Rosiczkow|71/100|[from] Stealth Rock
|-fieldstart|move: Grassy Terrain|[from] ability: Grassy Surge|[of] p2a: Rusłan Rosiczkow
|move|p1a: Dont Touch My Hair|Psychic Noise|p2a: Rusłan Rosiczkow
|-resisted|p2a: Rusłan Rosiczkow
|-damage|p2a: Rusłan Rosiczkow|54/100
|-start|p2a: Rusłan Rosiczkow|move: Heal Block
|
|upkeep
|turn|20
|
|t:|1741646593
|switch|p1a: Satellite Business|Skarmory, F|71/100
|move|p2a: Rusłan Rosiczkow|Grassy Glide|p1a: Satellite Business
|-resisted|p1a: Satellite Business
|-damage|p1a: Satellite Business|65/100
|
|-end|p2a: Rusłan Rosiczkow|move: Heal Block
|upkeep
|turn|21
|
|t:|1741646643
|move|p2a: Rusłan Rosiczkow|U-turn|p1a: Satellite Business
|-resisted|p1a: Satellite Business
|-damage|p1a: Satellite Business|61/100
|
|t:|1741646646
|switch|p2a: Maria Maszkara|Vaporeon, F|90/100|[from] U-turn
|-damage|p2a: Maria Maszkara|78/100|[from] Stealth Rock
|move|p1a: Satellite Business|Brave Bird|p2a: Maria Maszkara
|-damage|p2a: Maria Maszkara|38/100
|-damage|p1a: Satellite Business|43/100|[from] Recoil
|
|-heal|p2a: Maria Maszkara|44/100|[from] Grassy Terrain
|-heal|p2a: Maria Maszkara|50/100|[from] item: Leftovers
|upkeep
|turn|22
|
|t:|1741646656
|move|p1a: Satellite Business|Roost|p1a: Satellite Business
|-heal|p1a: Satellite Business|93/100
|-singleturn|p1a: Satellite Business|move: Roost
|move|p2a: Maria Maszkara|Wish|p2a: Maria Maszkara
|
|-heal|p1a: Satellite Business|99/100|[from] Grassy Terrain
|-heal|p2a: Maria Maszkara|56/100|[from] Grassy Terrain
|-heal|p2a: Maria Maszkara|62/100|[from] item: Leftovers
|upkeep
|turn|23
|
|t:|1741646665
|switch|p1a: Earfquake|Landorus-Therian, M|18/100
|-ability|p1a: Earfquake|Intimidate|boost
|-unboost|p2a: Maria Maszkara|atk|1
|move|p2a: Maria Maszkara|Scald|p1a: Earfquake
|-supereffective|p1a: Earfquake
|-damage|p1a: Earfquake|0 fnt
|faint|p1a: Earfquake
|
|-heal|p2a: Maria Maszkara|100/100|[from] move: Wish|[wisher] Maria Maszkara
|-fieldend|move: Grassy Terrain
|upkeep
|
|t:|1741646687
|switch|p1a: 1200°C|Conkeldurr, F, tera:Fairy|63/100 brn
|turn|24
|
|t:|1741646701
|move|p2a: Maria Maszkara|Scald|p1a: 1200°C
|-damage|p1a: 1200°C|29/100 brn
|move|p1a: 1200°C|Facade|p2a: Maria Maszkara
|-damage|p2a: Maria Maszkara|11/100
|
|-heal|p2a: Maria Maszkara|17/100|[from] item: Leftovers
|-damage|p1a: 1200°C|23/100 brn|[from] brn
|upkeep
|turn|25
|
|t:|1741646711
|move|p2a: Maria Maszkara|Protect|p2a: Maria Maszkara
|-singleturn|p2a: Maria Maszkara|Protect
|move|p1a: 1200°C|Mach Punch|p2a: Maria Maszkara
|-activate|p2a: Maria Maszkara|move: Protect
|
|-heal|p2a: Maria Maszkara|23/100|[from] item: Leftovers
|-damage|p1a: 1200°C|17/100 brn|[from] brn
|upkeep
|turn|26
|
|t:|1741646724
|move|p1a: 1200°C|Mach Punch|p2a: Maria Maszkara
|-damage|p2a: Maria Maszkara|0 fnt
|faint|p2a: Maria Maszkara
|
|-damage|p1a: 1200°C|11/100 brn|[from] brn
|upkeep
|
|t:|1741646772
|switch|p2a: Diabełe|Iron Moth|100/100
|turn|27
|
|t:|1741646797
|switch|p1a: Bad Habit|Toxapex, M|73/100
|move|p2a: Diabełe|Fiery Dance|p1a: Bad Habit
|-resisted|p1a: Bad Habit
|-damage|p1a: Bad Habit|55/100
|
|upkeep
|turn|28
|
|t:|1741646817
|move|p2a: Diabełe|Psychic|p1a: Bad Habit
|-supereffective|p1a: Bad Habit
|-damage|p1a: Bad Habit|2/100
|move|p1a: Bad Habit|Chilling Water|p2a: Diabełe
|-supereffective|p2a: Diabełe
|-damage|p2a: Diabełe|80/100
|-unboost|p2a: Diabełe|atk|1
|
|upkeep
|turn|29
|
|t:|1741646838
|move|p2a: Diabełe|Fiery Dance|p1a: Bad Habit
|-resisted|p1a: Bad Habit
|-damage|p1a: Bad Habit|0 fnt
|faint|p1a: Bad Habit
|
|upkeep
|
|t:|1741646840
|switch|p1a: Dont Touch My Hair|Primarina, F|100/100
|turn|30
|
|t:|1741646886
|-end|p2a: Diabełe|Quark Drive|[silent]
|switch|p2a: Rechot|Urshifu, M|74/100
|-damage|p2a: Rechot|68/100|[from] Stealth Rock
|move|p1a: Dont Touch My Hair|Psychic Noise|p2a: Rechot
|-damage|p2a: Rechot|11/100
|-start|p2a: Rechot|move: Heal Block
|
|upkeep
|turn|31
|
|t:|1741646927
|switch|p1a: Satellite Business|Skarmory, F|99/100
|move|p2a: Rechot|Thunder Punch|p1a: Satellite Business
|-supereffective|p1a: Satellite Business
|-damage|p1a: Satellite Business|57/100
|-damage|p2a: Rechot|1/100|[from] item: Life Orb
|
|-end|p2a: Rechot|move: Heal Block
|upkeep
|turn|32
|
|t:|1741646985
|move|p2a: Rechot|Drain Punch|p1a: Satellite Business
|-damage|p1a: Satellite Business|25/100
|-heal|p2a: Rechot|16/100|[from] drain|[of] p1a: Satellite Business
|-damage|p2a: Rechot|6/100|[from] item: Life Orb
|move|p1a: Satellite Business|Roost|p1a: Satellite Business
|-heal|p1a: Satellite Business|75/100
|-singleturn|p1a: Satellite Business|move: Roost
|
|upkeep
|turn|33
|
|t:|1741647000
|move|p2a: Rechot|Drain Punch|p1a: Satellite Business
|-damage|p1a: Satellite Business|46/100
|-heal|p2a: Rechot|20/100|[from] drain|[of] p1a: Satellite Business
|-damage|p2a: Rechot|10/100|[from] item: Life Orb
|move|p1a: Satellite Business|Brave Bird|p2a: Rechot
|-supereffective|p2a: Rechot
|-damage|p2a: Rechot|0 fnt
|faint|p2a: Rechot
|-damage|p1a: Satellite Business|43/100|[from] Recoil
|
|upkeep
|
|t:|1741647013
|switch|p2a: Diabełe|Iron Moth|80/100
|turn|34
|
|t:|1741647044
|switch|p1a: 1200°C|Conkeldurr, F, tera:Fairy|11/100 brn
|move|p2a: Diabełe|Fiery Dance|p1a: 1200°C
|-damage|p1a: 1200°C|0 fnt
|faint|p1a: 1200°C
|
|upkeep
|
|t:|1741647047
|switch|p1a: Dont Touch My Hair|Primarina, F|100/100
|turn|35
|c| Cwelek|ze ty tego boosta nie mozesz trafic xD
|
|t:|1741647071
|-end|p2a: Diabełe|Quark Drive|[silent]
|switch|p2a: Olbrzysław Mruk|Ursaluna, M|100/100
|-damage|p2a: Olbrzysław Mruk|94/100|[from] Stealth Rock
|move|p1a: Dont Touch My Hair|Psychic Noise|p2a: Olbrzysław Mruk
|-supereffective|p2a: Olbrzysław Mruk
|-damage|p2a: Olbrzysław Mruk|18/100
|-start|p2a: Olbrzysław Mruk|move: Heal Block
|
|-status|p2a: Olbrzysław Mruk|brn|[from] item: Flame Orb
|upkeep
|turn|36
|
|t:|1741647095
|move|p1a: Dont Touch My Hair|Draining Kiss|p2a: Olbrzysław Mruk
|-damage|p2a: Olbrzysław Mruk|0 fnt
|faint|p2a: Olbrzysław Mruk
|
|upkeep
|
|t:|1741647098
|switch|p2a: Rusłan Rosiczkow|Rillaboom, M|54/100
|-damage|p2a: Rusłan Rosiczkow|42/100|[from] Stealth Rock
|-fieldstart|move: Grassy Terrain|[from] ability: Grassy Surge|[of] p2a: Rusłan Rosiczkow
|turn|37
|
|t:|1741647112
|switch|p1a: Satellite Business|Skarmory, F|43/100
|move|p2a: Rusłan Rosiczkow|Grassy Glide|p1a: Satellite Business
|-resisted|p1a: Satellite Business
|-damage|p1a: Satellite Business|37/100
|
|-heal|p2a: Rusłan Rosiczkow|48/100|[from] Grassy Terrain
|upkeep
|turn|38
|
|t:|1741647125
|move|p2a: Rusłan Rosiczkow|Grassy Glide|p1a: Satellite Business
|-resisted|p1a: Satellite Business
|-damage|p1a: Satellite Business|32/100
|move|p1a: Satellite Business|Brave Bird|p2a: Rusłan Rosiczkow
|-supereffective|p2a: Rusłan Rosiczkow
|-crit|p2a: Rusłan Rosiczkow
|-damage|p2a: Rusłan Rosiczkow|0 fnt
|faint|p2a: Rusłan Rosiczkow
|-damage|p1a: Satellite Business|13/100|[from] Recoil
|
|upkeep
|c|☆kubercik|xdd
|
|t:|1741647134
|switch|p2a: Diabełe|Iron Moth|80/100
|turn|39
|l| kotcatkitkat
|c|☆kubercik|robimy ankiete
|c|☆kubercik|bedzie boost czy nie
|c|☆Kacperol95|kurs 1.1 że nie będzie
|c| Kefirtroll|słaby kurs
|c| Cwelek|va banque
|
|t:|1741647160
|move|p2a: Diabełe|Fiery Dance|p1a: Satellite Business
|-supereffective|p1a: Satellite Business
|-damage|p1a: Satellite Business|0 fnt
|-boost|p2a: Diabełe|spa|1
|faint|p1a: Satellite Business
|
|-heal|p2a: Diabełe|86/100|[from] Grassy Terrain
|upkeep
|c| Kefirtroll|nie ma co stawiać
|c|☆Kacperol95|kurs 10 że czerferno to chuj
|c| Cwelek|i chuj
|
|t:|1741647166
|switch|p1a: Dont Touch My Hair|Primarina, F|100/100
|turn|40
|
|t:|1741647171
|move|p2a: Diabełe|Sludge Wave|p1a: Dont Touch My Hair
|-supereffective|p1a: Dont Touch My Hair
|-damage|p1a: Dont Touch My Hair|0 fnt
|faint|p1a: Dont Touch My Hair
|
|win|Kacperol95
|c|☆kubercik|mrrau
